<record><leader>00000cas a2200000 a 4500</leader><controlfield tag="001">13288660</controlfield><controlfield tag="008">860313d18131819tnuwr ne      0    0eng  </controlfield><datafield ind1=" " ind2=" " tag="010"><subfield code="a">sn 86071208 </subfield></datafield><datafield ind1=" " ind2=" " tag="040"><subfield code="a">DLC</subfield><subfield code="b">eng</subfield><subfield code="c">DLC</subfield><subfield code="d">NPX</subfield><subfield code="d">KNP</subfield><subfield code="d">TGN</subfield><subfield code="d">CVF</subfield><subfield code="d">OCL</subfield><subfield code="d">OCLCG</subfield><subfield code="d">OCLCO</subfield><subfield code="d">OCLCQ</subfield><subfield code="d">OCLCA</subfield><subfield code="d">OCLCF</subfield><subfield code="d">CUS</subfield></datafield><datafield ind1=" " ind2=" " tag="042"><subfield code="a">pcc</subfield></datafield><datafield ind1=" " ind2=" " tag="043"><subfield code="a">n-us-tn</subfield></datafield><datafield ind1="0" ind2="0" tag="050"><subfield code="a">Newspaper 9850</subfield></datafield><datafield ind1="0" ind2="4" tag="245"><subfield code="a">The Clarion, &amp; Tennessee state gazette.</subfield></datafield><datafield ind1="3" ind2="0" tag="246"><subfield code="a">Clarion, and Tennessee state gazette</subfield></datafield><datafield ind1="3" ind2="0" tag="246"><subfield code="a">Clarion &amp; Tennessee gazette</subfield></datafield><datafield ind1="1" ind2="3" tag="246"><subfield code="a">Clarion and Tennessee gazette</subfield><subfield code="f">&lt;Dec. 27, 1814&gt;</subfield></datafield><datafield ind1=" " ind2=" " tag="260"><subfield code="a">Nashville, Tenn. :</subfield><subfield code="b">Thomas G. Bradford,</subfield><subfield code="c">1813-1819.</subfield></datafield><datafield ind1=" " ind2=" " tag="300"><subfield code="a">volumes ;</subfield><subfield code="c">52 cm.</subfield></datafield><datafield ind1=" " ind2=" " tag="310"><subfield code="a">Weekly,</subfield><subfield code="b">&lt;Mar. 23-Nov. 2, 1819&gt;</subfield></datafield><datafield ind1=" " ind2=" " tag="321"><subfield code="a">Frequency varies,</subfield><subfield code="b">1813-1819</subfield></datafield><datafield ind1=" " ind2=" " tag="336"><subfield code="a">text</subfield><subfield code="b">txt</subfield><subfield code="2">rdacontent</subfield></datafield><datafield ind1=" " ind2=" " tag="337"><subfield code="a">unmediated</subfield><subfield code="b">n</subfield><subfield code="2">rdamedia</subfield></datafield><datafield ind1=" " ind2=" " tag="338"><subfield code="a">volume</subfield><subfield code="b">nc</subfield><subfield code="2">rdacarrier</subfield></datafield><datafield ind1="0" ind2=" " tag="362"><subfield code="a">Vol. 5, no. 311 (Oct. 28, 1813)-v. 11, no. 101 (Nov. 2, 1819).</subfield></datafield><datafield ind1=" " ind2=" " tag="500"><subfield code="a">Sometimes published as: Clarion &amp; Tennessee gazette.</subfield></datafield><datafield ind1="4" ind2=" " tag="510"><subfield code="a">Brigham, C.S. Amer. newspapers,</subfield><subfield code="c">p. 1063</subfield></datafield><datafield ind1=" " ind2=" " tag="530"><subfield code="a">Available on microfilm from Tennessee State Library and Archives; University of Texas.</subfield></datafield><datafield ind1=" " ind2="0" tag="651"><subfield code="a">Davidson County (Tenn.)</subfield><subfield code="v">Newspapers.</subfield></datafield><datafield ind1=" " ind2="0" tag="651"><subfield code="a">Nashville (Tenn.)</subfield><subfield code="v">Newspapers.</subfield></datafield><datafield ind1=" " ind2="7" tag="651"><subfield code="a">Tennessee</subfield><subfield code="z">Davidson County.</subfield><subfield code="2">fast</subfield><subfield code="0">(OCoLC)fst01205346</subfield></datafield><datafield ind1=" " ind2="7" tag="651"><subfield code="a">Tennessee</subfield><subfield code="z">Nashville.</subfield><subfield code="2">fast</subfield><subfield code="0">(OCoLC)fst01204195</subfield></datafield><datafield ind1=" " ind2="7" tag="655"><subfield code="a">Newspapers.</subfield><subfield code="2">fast</subfield><subfield code="0">(OCoLC)fst01423814</subfield></datafield><datafield ind1="1" ind2=" " tag="700"><subfield code="a">Bradford, Thomas Grayson,</subfield><subfield code="d">1784-</subfield></datafield><datafield ind1=" " ind2=" " tag="752"><subfield code="a">United States</subfield><subfield code="b">Tennessee</subfield><subfield code="c">Davidson</subfield><subfield code="d">Nashville.</subfield></datafield><datafield ind1="0" ind2="0" tag="780"><subfield code="t">Clarion and Tennessee gazette (Nashville, Tenn. : 1813)</subfield><subfield code="w">(DLC)sn 86071207</subfield><subfield code="w">(OCoLC)13286681</subfield></datafield><datafield ind1="0" ind2="0" tag="785"><subfield code="t">Clarion, and Tennessee gazette (Nashville, Tenn. : 1819)</subfield><subfield code="w">(DLC)sn 86053526</subfield><subfield code="w">(OCoLC)13784316</subfield></datafield><datafield ind1="1" ind2=" " tag="029"><subfield code="a">AU@</subfield><subfield code="b">000004588588</subfield></datafield></record>